@misc{bubbleSort,
 title   ={Bubble Sort | Geeks for Geeks},
 howpublished = {\url{https://www.geeksforgeeks.org/bubble-sort/}},
 organization={Geeks for Geeks},
 note = {Acesso em 25 de Maio de 2019}
}

@misc{insertionSort,
 title   ={Insertion Sort | Geeks for Geeks},
 howpublished = {\url{https://www.geeksforgeeks.org/insertion-sort/}},
 organization={Geeks for Geeks},
 note = {Acesso em 25 de Maio de 2019}
}

@misc{selectionSort,
 title   ={Selection Sort | Geeks for Geeks},
 howpublished = {\url{https://www.geeksforgeeks.org/selection-sort/}},
 organization={Geeks for Geeks},
 note = {Acesso em 25 de Maio de 2019}
}
@misc{selectionSortAnalysis,
 title   ={Análise do Selection sort (artigo) | Khan Academy},
 howpublished = {\url{https://pt.khanacademy.org/computing/computer-science/algorithms/sorting-algorithms/a/analysis-of-selection-sort/}},
 organization={Khan Academy},
 note = {Acesso em 25 de Maio de 2019}
}

@misc{insertionSortAnalysis,
 title   ={Análise do Insertion sort (artigo) | Khan Academy},
 howpublished = {\url{https://pt.khanacademy.org/computing/computer-science/algorithms/insertion-sort/a/analysis-of-insertion-sort/}},
 organization={Khan Academy},
 note = {Acesso em 25 de Maio de 2019}
}
